{"status":"ok","ch":"market.ethusdt.trade.detail","ts":1589905204568,"data":[{"id":104943994270,"ts":1589905204119,"data":[{"id":10494399427087707048773,"trade-id":101931183670,"amount":1.005400000000000000,"price":214.030000000000000000,"direction":"sell","ts":1589905204119}]},{"id":104943994213,"ts":1589905203367,"data":[{"id":10494399421387707046341,"trade-id":101931183669,"amount":0.961800000000000000,"price":214.040000000000000000,"direction":"buy","ts":1589905203367}]},{"id":104943994074,"ts":1589905202511,"data":[{"id":10494399407487707046341,"trade-id":101931183668,"amount":0.239487295972715380,"price":214.040000000000000000,"direction":"buy","ts":1589905202511}]},{"id":104943994027,"ts":1589905202210,"data":[{"id":10494399402787707046341,"trade-id":101931183667,"amount":2.137400000000000000,"price":214.040000000000000000,"direction":"buy","ts":1589905202210}]},{"id":104943993829,"ts":1589905201384,"data":[{"id":10494399382987707044670,"trade-id":101931183666,"amount":3.313400000000000000,"price":214.050000000000000000,"direction":"buy","ts":1589905201384},{"id":10494399382987707044825,"trade-id":101931183665,"amount":0.089400000000000000,"price":214.040000000000000000,"direction":"buy","ts":1589905201384},{"id":10494399382987707044814,"trade-id":101931183664,"amount":2.507600000000000000,"price":214.040000000000000000,"direction":"buy","ts":1589905201384},{"id":10494399382987707045839,"trade-id":101931183663,"amount":0.044100000000000000,"price":214.030000000000000000,"direction":"buy","ts":1589905201384},{"id":10494399382987707045149,"trade-id":101931183662,"amount":0.044200000000000000,"price":214.030000000000000000,"direction":"buy","ts":1589905201384}]},{"id":104943993796,"ts":1589905201291,"data":[{"id":10494399379616289850199231,"trade-id":101931183661,"amount":2.307400000000000000,"price":214.020000000000000000,"direction":"buy","ts":1589905201291},{"id":10494399379687707044421,"trade-id":101931183660,"amount":2.000000000000000000,"price":214.020000000000000000,"direction":"buy","ts":1589905201291},{"id":10494399379687707043926,"trade-id":101931183659,"amount":2.000000000000000000,"price":214.020000000000000000,"direction":"buy","ts":1589905201291},{"id":10494399379687707043917,"trade-id":101931183658,"amount":1.494800000000000000,"price":214.020000000000000000,"direction":"buy","ts":1589905201291}]},{"id":104943993757,"ts":1589905201208,"data":[{"id":10494399375787707043741,"trade-id":101931183657,"amount":0.947100000000000000,"price":214.020000000000000000,"direction":"buy","ts":1589905201208}]},{"id":104943993426,"ts":1589905200139,"data":[{"id":10494399342687707043741,"trade-id":101931183656,"amount":2.900000000000000000,"price":214.020000000000000000,"direction":"buy","ts":1589905200139}]},{"id":104943993375,"ts":1589905200095,"data":[{"id":10494399337587706874777,"trade-id":101931183655,"amount":0.002600000000000000,"price":214.010000000000000000,"direction":"sell","ts":1589905200095},{"id":10494399337587707043378,"trade-id":101931183654,"amount":0.159600000000000000,"price":214.020000000000000000,"direction":"sell","ts":1589905200095},{"id":10494399337587707043380,"trade-id":101931183653,"amount":0.146900000000000000,"price":214.020000000000000000,"direction":"sell","ts":1589905200095},{"id":10494399337587707042547,"trade-id":101931183652,"amount":0.078400000000000000,"price":214.020000000000000000,"direction":"sell","ts":1589905200095}]},{"id":104943993138,"ts":1589905199916,"data":[{"id":10494399313887707042829,"trade-id":101931183651,"amount":0.200000000000000000,"price":214.060000000000000000,"direction":"sell","ts":1589905199916}]},{"id":104943993132,"ts":1589905199913,"data":[{"id":10494399313287707042829,"trade-id":101931183650,"amount":0.200000000000000000,"price":214.060000000000000000,"direction":"sell","ts":1589905199913}]},{"id":104943993131,"ts":1589905199913,"data":[{"id":10494399313187707042829,"trade-id":101931183649,"amount":1.000000000000000000,"price":214.060000000000000000,"direction":"sell","ts":1589905199913}]},{"id":104943993129,"ts":1589905199911,"data":[{"id":10494399312987707042829,"trade-id":101931183648,"amount":0.094400000000000000,"price":214.060000000000000000,"direction":"sell","ts":1589905199911},{"id":10494399312987707036692,"trade-id":101931183647,"amount":0.142900000000000000,"price":214.060000000000000000,"direction":"sell","ts":1589905199911},{"id":10494399312987707035720,"trade-id":101931183646,"amount":0.262700000000000000,"price":214.060000000000000000,"direction":"sell","ts":1589905199911}]},{"id":104943993126,"ts":1589905199909,"data":[{"id":10494399312687707027256,"trade-id":101931183645,"amount":0.934000000000000000,"price":214.090000000000000000,"direction":"sell","ts":1589905199909}]},{"id":104943993123,"ts":1589905199907,"data":[{"id":10494399312387707027256,"trade-id":101931183644,"amount":0.200000000000000000,"price":214.090000000000000000,"direction":"sell","ts":1589905199907}]},{"id":104943993119,"ts":1589905199902,"data":[{"id":10494399311987707027256,"trade-id":101931183643,"amount":0.100600000000000000,"price":214.090000000000000000,"direction":"sell","ts":1589905199902}]},{"id":104943992976,"ts":1589905198308,"data":[{"id":10494399297687707027256,"trade-id":101931183642,"amount":0.113000000000000000,"price":214.090000000000000000,"direction":"sell","ts":1589905198308}]},{"id":104943992968,"ts":1589905198222,"data":[{"id":10494399296887707038598,"trade-id":101931183641,"amount":0.132200000000000000,"price":214.100000000000000000,"direction":"buy","ts":1589905198222},{"id":10494399296887707038546,"trade-id":101931183640,"amount":0.025400000000000000,"price":214.100000000000000000,"direction":"buy","ts":1589905198222}]},{"id":104943992670,"ts":1589905196903,"data":[{"id":10494399267087707037952,"trade-id":101931183639,"amount":1.180000000000000000,"price":214.110000000000000000,"direction":"sell","ts":1589905196903}]},{"id":104943992461,"ts":1589905196228,"data":[{"id":10494399246187707036679,"trade-id":101931183638,"amount":0.165200000000000000,"price":214.120000000000000000,"direction":"buy","ts":1589905196228},{"id":10494399246187707035971,"trade-id":101931183637,"amount":0.025200000000000000,"price":214.120000000000000000,"direction":"buy","ts":1589905196228},{"id":10494399246187707037043,"trade-id":101931183636,"amount":2.545000000000000000,"price":214.110000000000000000,"direction":"buy","ts":1589905196228},{"id":10494399246187707036965,"trade-id":101931183635,"amount":0.500000000000000000,"price":214.110000000000000000,"direction":"buy","ts":1589905196228},{"id":10494399246187707036961,"trade-id":101931183634,"amount":0.500000000000000000,"price":214.110000000000000000,"direction":"buy","ts":1589905196228}]},{"id":104943991998,"ts":1589905195469,"data":[{"id":10494399199887707026340,"trade-id":101931183633,"amount":1.180000000000000000,"price":214.150000000000000000,"direction":"sell","ts":1589905195469}]},{"id":104943991747,"ts":1589905193805,"data":[{"id":10494399174787707027827,"trade-id":101931183632,"amount":0.155900000000000000,"price":214.170000000000000000,"direction":"buy","ts":1589905193805}]},{"id":104943991728,"ts":1589905193754,"data":[{"id":10494399172887707027827,"trade-id":101931183631,"amount":0.047300000000000000,"price":214.170000000000000000,"direction":"buy","ts":1589905193754}]},{"id":104943991725,"ts":1589905193736,"data":[{"id":10494399172587707027827,"trade-id":101931183630,"amount":0.065700000000000000,"price":214.170000000000000000,"direction":"buy","ts":1589905193736}]},{"id":104943991585,"ts":1589905193067,"data":[{"id":10494399158587707030303,"trade-id":101931183629,"amount":3.000000000000000000,"price":214.160000000000000000,"direction":"sell","ts":1589905193067}]},{"id":104943991485,"ts":1589905192732,"data":[{"id":10494399148587707026633,"trade-id":101931183628,"amount":0.007450378671149087,"price":214.170000000000000000,"direction":"buy","ts":1589905192732},{"id":10494399148587707030006,"trade-id":101931183627,"amount":0.023500000000000000,"price":214.160000000000000000,"direction":"buy","ts":1589905192732}]},{"id":104943991474,"ts":1589905192682,"data":[{"id":10494399147487707030006,"trade-id":101931183626,"amount":2.240000000000000000,"price":214.160000000000000000,"direction":"buy","ts":1589905192682},{"id":10494399147487707026623,"trade-id":101931183625,"amount":0.047100000000000000,"price":214.160000000000000000,"direction":"buy","ts":1589905192682},{"id":10494399147487707026620,"trade-id":101931183624,"amount":0.047300000000000000,"price":214.160000000000000000,"direction":"buy","ts":1589905192682}]},{"id":104943990763,"ts":1589905188983,"data":[{"id":10494399076387707017413,"trade-id":101931183623,"amount":0.040800000000000000,"price":214.170000000000000000,"direction":"sell","ts":1589905188983}]},{"id":104943990342,"ts":1589905187014,"data":[{"id":10494399034287707016062,"trade-id":101931183622,"amount":0.240600000000000000,"price":214.170000000000000000,"direction":"sell","ts":1589905187014}]},{"id":104943990025,"ts":1589905186135,"data":[{"id":10494399002587707015811,"trade-id":101931183621,"amount":7.353300000000000000,"price":214.120000000000000000,"direction":"sell","ts":1589905186135},{"id":10494399002587707015367,"trade-id":101931183620,"amount":1.899700000000000000,"price":214.120000000000000000,"direction":"sell","ts":1589905186135},{"id":10494399002587707015366,"trade-id":101931183619,"amount":38.000000000000000000,"price":214.120000000000000000,"direction":"sell","ts":1589905186135},{"id":10494399002587707015551,"trade-id":101931183618,"amount":0.046600000000000000,"price":214.130000000000000000,"direction":"sell","ts":1589905186135},{"id":10494399002587707015554,"trade-id":101931183617,"amount":0.038600000000000000,"price":214.130000000000000000,"direction":"sell","ts":1589905186135},{"id":10494399002587707015828,"trade-id":101931183616,"amount":3.074900000000000000,"price":214.140000000000000000,"direction":"sell","ts":1589905186135},{"id":10494399002587707015783,"trade-id":101931183615,"amount":75.000000000000000000,"price":214.150000000000000000,"direction":"sell","ts":1589905186135},{"id":10494399002587707015772,"trade-id":101931183614,"amount":60.000000000000000000,"price":214.160000000000000000,"direction":"sell","ts":1589905186135},{"id":10494399002587707015750,"trade-id":101931183613,"amount":0.500000000000000000,"price":214.160000000000000000,"direction":"sell","ts":1589905186135},{"id":10494399002587707015688,"trade-id":101931183612,"amount":0.500000000000000000,"price":214.160000000000000000,"direction":"sell","ts":1589905186135},{"id":10494399002587707015655,"trade-id":101931183611,"amount":2.000000000000000000,"price":214.160000000000000000,"direction":"sell","ts":1589905186135},{"id":10494399002587707015409,"trade-id":101931183610,"amount":1.400200000000000000,"price":214.160000000000000000,"direction":"sell","ts":1589905186135}]},{"id":104943990021,"ts":1589905186122,"data":[{"id":10494399002116289724173507,"trade-id":101931183609,"amount":0.532700000000000000,"price":214.170000000000000000,"direction":"buy","ts":1589905186122}]},{"id":104943989857,"ts":1589905185916,"data":[{"id":10494398985716289724173507,"trade-id":101931183608,"amount":0.280200000000000000,"price":214.170000000000000000,"direction":"buy","ts":1589905185916}]},{"id":104943989791,"ts":1589905185851,"data":[{"id":10494398979116289799801481,"trade-id":101931183607,"amount":1.570400000000000000,"price":214.140000000000000000,"direction":"buy","ts":1589905185851},{"id":10494398979187707004565,"trade-id":101931183606,"amount":4.752000000000000000,"price":214.140000000000000000,"direction":"buy","ts":1589905185851},{"id":10494398979187707003316,"trade-id":101931183605,"amount":0.158800000000000000,"price":214.140000000000000000,"direction":"buy","ts":1589905185851},{"id":10494398979187707013186,"trade-id":101931183604,"amount":0.998000000000000000,"price":214.120000000000000000,"direction":"buy","ts":1589905185851},{"id":10494398979116289850197290,"trade-id":101931183603,"amount":0.901737474313469090,"price":214.120000000000000000,"direction":"buy","ts":1589905185851}]},{"id":104943989597,"ts":1589905185628,"data":[{"id":10494398959787707012739,"trade-id":101931183602,"amount":0.045400000000000000,"price":214.100000000000000000,"direction":"buy","ts":1589905185628},{"id":10494398959787707012380,"trade-id":101931183601,"amount":0.052500000000000000,"price":214.100000000000000000,"direction":"buy","ts":1589905185628},{"id":10494398959787707011985,"trade-id":101931183600,"amount":0.023700000000000000,"price":214.100000000000000000,"direction":"buy","ts":1589905185628}]},{"id":104943989388,"ts":1589905184167,"data":[{"id":10494398938887707010566,"trade-id":101931183599,"amount":0.570000000000000000,"price":214.110000000000000000,"direction":"buy","ts":1589905184167}]},{"id":104943988965,"ts":1589905182715,"data":[{"id":10494398896516289850197290,"trade-id":101931183598,"amount":1.801362525686530910,"price":214.120000000000000000,"direction":"buy","ts":1589905182715},{"id":10494398896587707006083,"trade-id":101931183597,"amount":0.033800000000000000,"price":214.120000000000000000,"direction":"buy","ts":1589905182715},{"id":10494398896587707008621,"trade-id":101931183596,"amount":0.500000000000000000,"price":214.110000000000000000,"direction":"buy","ts":1589905182715}]},{"id":104943988931,"ts":1589905182602,"data":[{"id":10494398893187707004718,"trade-id":101931183595,"amount":0.257000000000000000,"price":214.090000000000000000,"direction":"sell","ts":1589905182602}]},{"id":104943987933,"ts":1589905179740,"data":[{"id":10494398793387707002133,"trade-id":101931183594,"amount":1.931800000000000000,"price":214.140000000000000000,"direction":"buy","ts":1589905179740},{"id":10494398793387706999471,"trade-id":101931183593,"amount":0.262300000000000000,"price":214.140000000000000000,"direction":"buy","ts":1589905179740},{"id":10494398793387706996466,"trade-id":101931183592,"amount":0.141000000000000000,"price":214.140000000000000000,"direction":"buy","ts":1589905179740}]},{"id":104943987554,"ts":1589905178597,"data":[{"id":10494398755487706999288,"trade-id":101931183591,"amount":0.387400000000000000,"price":214.100000000000000000,"direction":"sell","ts":1589905178597},{"id":10494398755487706998774,"trade-id":101931183590,"amount":0.500000000000000000,"price":214.100000000000000000,"direction":"sell","ts":1589905178597}]},{"id":104943986858,"ts":1589905176878,"data":[{"id":10494398685887706993611,"trade-id":101931183589,"amount":0.147100000000000000,"price":214.110000000000000000,"direction":"sell","ts":1589905176878}]},{"id":104943986857,"ts":1589905176878,"data":[{"id":10494398685787706993611,"trade-id":101931183588,"amount":3.474400000000000000,"price":214.110000000000000000,"direction":"sell","ts":1589905176878}]},{"id":104943986779,"ts":1589905176542,"data":[{"id":10494398677987706993147,"trade-id":101931183587,"amount":0.300000000000000000,"price":214.110000000000000000,"direction":"sell","ts":1589905176542}]},{"id":104943986774,"ts":1589905176533,"data":[{"id":10494398677487706993147,"trade-id":101931183586,"amount":9.368600000000000000,"price":214.110000000000000000,"direction":"sell","ts":1589905176533}]},{"id":104943986773,"ts":1589905176532,"data":[{"id":10494398677387706993147,"trade-id":101931183585,"amount":5.174300000000000000,"price":214.110000000000000000,"direction":"sell","ts":1589905176532},{"id":10494398677387706942862,"trade-id":101931183584,"amount":3.421100000000000000,"price":214.110000000000000000,"direction":"sell","ts":1589905176532}]},{"id":104943986607,"ts":1589905175973,"data":[{"id":10494398660787706942862,"trade-id":101931183583,"amount":0.812300000000000000,"price":214.110000000000000000,"direction":"sell","ts":1589905175973}]},{"id":104943986362,"ts":1589905175377,"data":[{"id":10494398636287706990749,"trade-id":101931183582,"amount":12.500000000000000000,"price":214.120000000000000000,"direction":"sell","ts":1589905175377}]},{"id":104943986349,"ts":1589905175352,"data":[{"id":10494398634987706990749,"trade-id":101931183581,"amount":5.233400000000000000,"price":214.120000000000000000,"direction":"sell","ts":1589905175352}]},{"id":104943986008,"ts":1589905174764,"data":[{"id":10494398600887706987453,"trade-id":101931183580,"amount":2.170000000000000000,"price":214.160000000000000000,"direction":"sell","ts":1589905174764}]},{"id":104943985853,"ts":1589905174468,"data":[{"id":10494398585387706987453,"trade-id":101931183579,"amount":0.730000000000000000,"price":214.160000000000000000,"direction":"sell","ts":1589905174468}]},{"id":104943985584,"ts":1589905174156,"data":[{"id":10494398558487706987223,"trade-id":101931183578,"amount":3.686600000000000000,"price":214.190000000000000000,"direction":"sell","ts":1589905174156}]},{"id":104943985482,"ts":1589905174087,"data":[{"id":10494398548287706942116,"trade-id":101931183577,"amount":27.681100000000000000,"price":214.150000000000000000,"direction":"sell","ts":1589905174087},{"id":10494398548287706942058,"trade-id":101931183576,"amount":3.687000000000000000,"price":214.150000000000000000,"direction":"sell","ts":1589905174087},{"id":10494398548287706986505,"trade-id":101931183575,"amount":0.025800000000000000,"price":214.160000000000000000,"direction":"sell","ts":1589905174087},{"id":10494398548287706986504,"trade-id":101931183574,"amount":0.023700000000000000,"price":214.160000000000000000,"direction":"sell","ts":1589905174087},{"id":10494398548216289724139816,"trade-id":101931183573,"amount":0.812100000000000000,"price":214.160000000000000000,"direction":"sell","ts":1589905174087},{"id":10494398548287706984537,"trade-id":101931183572,"amount":0.160800000000000000,"price":214.160000000000000000,"direction":"sell","ts":1589905174087},{"id":10494398548287706984544,"trade-id":101931183571,"amount":0.030500000000000000,"price":214.160000000000000000,"direction":"sell","ts":1589905174087},{"id":10494398548287706984546,"trade-id":101931183570,"amount":0.146000000000000000,"price":214.160000000000000000,"direction":"sell","ts":1589905174087},{"id":10494398548287706984538,"trade-id":101931183569,"amount":0.157600000000000000,"price":214.160000000000000000,"direction":"sell","ts":1589905174087},{"id":10494398548287706984534,"trade-id":101931183568,"amount":0.159800000000000000,"price":214.160000000000000000,"direction":"sell","ts":1589905174087},{"id":10494398548287706984532,"trade-id":101931183567,"amount":0.088300000000000000,"price":214.160000000000000000,"direction":"sell","ts":1589905174087},{"id":10494398548287706984545,"trade-id":101931183566,"amount":0.024100000000000000,"price":214.160000000000000000,"direction":"sell","ts":1589905174087},{"id":10494398548287706984542,"trade-id":101931183565,"amount":0.150700000000000000,"price":214.160000000000000000,"direction":"sell","ts":1589905174087},{"id":10494398548287706984536,"trade-id":101931183564,"amount":0.754200000000000000,"price":214.160000000000000000,"direction":"sell","ts":1589905174087},{"id":10494398548287706984543,"trade-id":101931183563,"amount":0.124300000000000000,"price":214.160000000000000000,"direction":"sell","ts":1589905174087},{"id":10494398548287706984547,"trade-id":101931183562,"amount":0.875000000000000000,"price":214.160000000000000000,"direction":"sell","ts":1589905174087},{"id":10494398548287706974538,"trade-id":101931183561,"amount":1.000000000000000000,"price":214.160000000000000000,"direction":"sell","ts":1589905174087},{"id":10494398548287706974498,"trade-id":101931183560,"amount":14.099000000000000000,"price":214.190000000000000000,"direction":"sell","ts":1589905174087}]},{"id":104943985442,"ts":1589905174047,"data":[{"id":10494398544287706986247,"trade-id":101931183559,"amount":0.371000000000000000,"price":214.200000000000000000,"direction":"sell","ts":1589905174047}]},{"id":104943985370,"ts":1589905173991,"data":[{"id":10494398537087706986247,"trade-id":101931183558,"amount":4.164500000000000000,"price":214.200000000000000000,"direction":"sell","ts":1589905173991}]},{"id":104943985356,"ts":1589905173983,"data":[{"id":10494398535687706966144,"trade-id":101931183557,"amount":2.527000000000000000,"price":214.210000000000000000,"direction":"sell","ts":1589905173983}]},{"id":104943985279,"ts":1589905173915,"data":[{"id":10494398527987706986515,"trade-id":101931183556,"amount":0.039500000000000000,"price":214.250000000000000000,"direction":"sell","ts":1589905173915}]},{"id":104943985255,"ts":1589905173895,"data":[{"id":10494398525587706982214,"trade-id":101931183555,"amount":6.023100000000000000,"price":214.220000000000000000,"direction":"sell","ts":1589905173895}]},{"id":104943985254,"ts":1589905173895,"data":[{"id":10494398525487706978755,"trade-id":101931183554,"amount":27.789700000000000000,"price":214.230000000000000000,"direction":"sell","ts":1589905173895},{"id":10494398525487706975541,"trade-id":101931183553,"amount":0.256200000000000000,"price":214.230000000000000000,"direction":"sell","ts":1589905173895}]},{"id":104943985212,"ts":1589905173857,"data":[{"id":10494398521287706984540,"trade-id":101931183552,"amount":0.024700000000000000,"price":214.240000000000000000,"direction":"sell","ts":1589905173857},{"id":10494398521287706984539,"trade-id":101931183551,"amount":0.042400000000000000,"price":214.240000000000000000,"direction":"sell","ts":1589905173857},{"id":10494398521287706984535,"trade-id":101931183550,"amount":0.050200000000000000,"price":214.240000000000000000,"direction":"sell","ts":1589905173857},{"id":10494398521287706984533,"trade-id":101931183549,"amount":0.024000000000000000,"price":214.240000000000000000,"direction":"sell","ts":1589905173857},{"id":10494398521287706984349,"trade-id":101931183548,"amount":0.027400000000000000,"price":214.240000000000000000,"direction":"sell","ts":1589905173857},{"id":10494398521287706984348,"trade-id":101931183547,"amount":0.023600000000000000,"price":214.240000000000000000,"direction":"sell","ts":1589905173857},{"id":10494398521287706984172,"trade-id":101931183546,"amount":0.047000000000000000,"price":214.240000000000000000,"direction":"sell","ts":1589905173857},{"id":10494398521287706984154,"trade-id":101931183545,"amount":0.085100000000000000,"price":214.240000000000000000,"direction":"sell","ts":1589905173857},{"id":10494398521287706984162,"trade-id":101931183544,"amount":0.100400000000000000,"price":214.240000000000000000,"direction":"sell","ts":1589905173857},{"id":10494398521287706984148,"trade-id":101931183543,"amount":0.084400000000000000,"price":214.240000000000000000,"direction":"sell","ts":1589905173857},{"id":10494398521287706973820,"trade-id":101931183542,"amount":4.000000000000000000,"price":214.240000000000000000,"direction":"sell","ts":1589905173857},{"id":10494398521287706962921,"trade-id":101931183541,"amount":1.421800000000000000,"price":214.240000000000000000,"direction":"sell","ts":1589905173857},{"id":10494398521287706985988,"trade-id":101931183540,"amount":2.900000000000000000,"price":214.250000000000000000,"direction":"sell","ts":1589905173857}]},{"id":104943985121,"ts":1589905173712,"data":[{"id":10494398512187706978232,"trade-id":101931183539,"amount":1.500000000000000000,"price":214.270000000000000000,"direction":"sell","ts":1589905173712}]},{"id":104943985100,"ts":1589905173631,"data":[{"id":10494398510087706985358,"trade-id":101931183538,"amount":2.900000000000000000,"price":214.280000000000000000,"direction":"buy","ts":1589905173631}]},{"id":104943985078,"ts":1589905173578,"data":[{"id":10494398507887706984786,"trade-id":101931183537,"amount":1.400000000000000000,"price":214.280000000000000000,"direction":"sell","ts":1589905173578}]},{"id":104943985074,"ts":1589905173557,"data":[{"id":10494398507487706984786,"trade-id":101931183536,"amount":1.500000000000000000,"price":214.280000000000000000,"direction":"sell","ts":1589905173557}]},{"id":104943984997,"ts":1589905173249,"data":[{"id":10494398499787706984344,"trade-id":101931183535,"amount":0.220000000000000000,"price":214.310000000000000000,"direction":"sell","ts":1589905173249}]},{"id":104943984996,"ts":1589905173249,"data":[{"id":10494398499687706984344,"trade-id":101931183534,"amount":2.680000000000000000,"price":214.310000000000000000,"direction":"sell","ts":1589905173249}]},{"id":104943984941,"ts":1589905173095,"data":[{"id":10494398494187706984220,"trade-id":101931183533,"amount":16.339100000000000000,"price":214.310000000000000000,"direction":"sell","ts":1589905173095}]},{"id":104943984881,"ts":1589905173018,"data":[{"id":10494398488187706984150,"trade-id":101931183532,"amount":0.048600000000000000,"price":214.310000000000000000,"direction":"buy","ts":1589905173018},{"id":10494398488187706973928,"trade-id":101931183531,"amount":0.027800000000000000,"price":214.310000000000000000,"direction":"buy","ts":1589905173018},{"id":10494398488187706974592,"trade-id":101931183530,"amount":2.000000000000000000,"price":214.290000000000000000,"direction":"buy","ts":1589905173018},{"id":10494398488187706968066,"trade-id":101931183529,"amount":0.135400000000000000,"price":214.290000000000000000,"direction":"buy","ts":1589905173018},{"id":10494398488187706968050,"trade-id":101931183528,"amount":0.572000000000000000,"price":214.290000000000000000,"direction":"buy","ts":1589905173018},{"id":10494398488187706984014,"trade-id":101931183527,"amount":8.624100000000000000,"price":214.280000000000000000,"direction":"buy","ts":1589905173018}]},{"id":104943984820,"ts":1589905172862,"data":[{"id":10494398482087706983743,"trade-id":101931183526,"amount":2.900000000000000000,"price":214.280000000000000000,"direction":"sell","ts":1589905172862},{"id":10494398482087706983627,"trade-id":101931183525,"amount":9.736800000000000000,"price":214.280000000000000000,"direction":"sell","ts":1589905172862}]},{"id":104943984361,"ts":1589905170276,"data":[{"id":10494398436187706978984,"trade-id":101931183524,"amount":0.056900000000000000,"price":214.280000000000000000,"direction":"sell","ts":1589905170276}]},{"id":104943984195,"ts":1589905169775,"data":[{"id":10494398419587706978984,"trade-id":101931183523,"amount":0.113500000000000000,"price":214.280000000000000000,"direction":"sell","ts":1589905169775}]},{"id":104943984098,"ts":1589905169375,"data":[{"id":10494398409887706976159,"trade-id":101931183522,"amount":0.746600000000000000,"price":214.280000000000000000,"direction":"buy","ts":1589905169375}]},{"id":104943984088,"ts":1589905169303,"data":[{"id":10494398408887706977656,"trade-id":101931183521,"amount":0.784900000000000000,"price":214.270000000000000000,"direction":"sell","ts":1589905169303}]},{"id":104943984082,"ts":1589905169255,"data":[{"id":10494398408287706977656,"trade-id":101931183520,"amount":0.901800000000000000,"price":214.270000000000000000,"direction":"sell","ts":1589905169255}]},{"id":104943984065,"ts":1589905169104,"data":[{"id":10494398406587706977656,"trade-id":101931183519,"amount":0.729300000000000000,"price":214.270000000000000000,"direction":"sell","ts":1589905169104}]},{"id":104943984025,"ts":1589905168912,"data":[{"id":10494398402587706977367,"trade-id":101931183518,"amount":0.118800000000000000,"price":214.260000000000000000,"direction":"sell","ts":1589905168912},{"id":10494398402587706976908,"trade-id":101931183517,"amount":0.287500000000000000,"price":214.260000000000000000,"direction":"sell","ts":1589905168912},{"id":10494398402587706976591,"trade-id":101931183516,"amount":0.418300000000000000,"price":214.260000000000000000,"direction":"sell","ts":1589905168912}]},{"id":104943983958,"ts":1589905168639,"data":[{"id":10494398395887706976591,"trade-id":101931183515,"amount":0.081700000000000000,"price":214.260000000000000000,"direction":"sell","ts":1589905168639}]},{"id":104943983863,"ts":1589905168356,"data":[{"id":10494398386387706976377,"trade-id":101931183514,"amount":0.250000000000000000,"price":214.260000000000000000,"direction":"sell","ts":1589905168356}]},{"id":104943983688,"ts":1589905167599,"data":[{"id":10494398368887706974354,"trade-id":101931183513,"amount":0.052000000000000000,"price":214.280000000000000000,"direction":"sell","ts":1589905167599}]},{"id":104943983594,"ts":1589905167289,"data":[{"id":10494398359487706971818,"trade-id":101931183512,"amount":13.307300000000000000,"price":214.260000000000000000,"direction":"sell","ts":1589905167289},{"id":10494398359487706971493,"trade-id":101931183511,"amount":0.089700000000000000,"price":214.260000000000000000,"direction":"sell","ts":1589905167289},{"id":10494398359487706971899,"trade-id":101931183510,"amount":0.400100000000000000,"price":214.270000000000000000,"direction":"sell","ts":1589905167289},{"id":10494398359487706971900,"trade-id":101931183509,"amount":6.625800000000000000,"price":214.270000000000000000,"direction":"sell","ts":1589905167289},{"id":10494398359487706973941,"trade-id":101931183508,"amount":1.180000000000000000,"price":214.280000000000000000,"direction":"sell","ts":1589905167289},{"id":10494398359487706973291,"trade-id":101931183507,"amount":1.500000000000000000,"price":214.280000000000000000,"direction":"sell","ts":1589905167289},{"id":10494398359487706973036,"trade-id":101931183506,"amount":0.515300000000000000,"price":214.280000000000000000,"direction":"sell","ts":1589905167289}]},{"id":104943982949,"ts":1589905164762,"data":[{"id":10494398294987706968420,"trade-id":101931183505,"amount":0.357900000000000000,"price":214.280000000000000000,"direction":"sell","ts":1589905164762}]},{"id":104943982824,"ts":1589905164351,"data":[{"id":10494398282487706966011,"trade-id":101931183504,"amount":0.530200000000000000,"price":214.290000000000000000,"direction":"sell","ts":1589905164351},{"id":10494398282487706965770,"trade-id":101931183503,"amount":0.240500000000000000,"price":214.290000000000000000,"direction":"sell","ts":1589905164351}]},{"id":104943982755,"ts":1589905163940,"data":[{"id":10494398275587706965524,"trade-id":101931183502,"amount":0.300000000000000000,"price":214.290000000000000000,"direction":"sell","ts":1589905163940}]},{"id":104943982547,"ts":1589905163117,"data":[{"id":10494398254787706965296,"trade-id":101931183501,"amount":2.564100000000000000,"price":214.290000000000000000,"direction":"sell","ts":1589905163117}]},{"id":104943982540,"ts":1589905163109,"data":[{"id":10494398254087706965296,"trade-id":101931183500,"amount":4.385100000000000000,"price":214.290000000000000000,"direction":"sell","ts":1589905163109}]},{"id":104943982525,"ts":1589905163080,"data":[{"id":10494398252587706965117,"trade-id":101931183499,"amount":0.880800000000000000,"price":214.280000000000000000,"direction":"sell","ts":1589905163080}]},{"id":104943982462,"ts":1589905162986,"data":[{"id":10494398246287706964570,"trade-id":101931183498,"amount":0.921400000000000000,"price":214.260000000000000000,"direction":"sell","ts":1589905162986},{"id":10494398246287706965035,"trade-id":101931183497,"amount":8.001600000000000000,"price":214.270000000000000000,"direction":"sell","ts":1589905162986}]},{"id":104943982405,"ts":1589905162928,"data":[{"id":10494398240587706949293,"trade-id":101931183496,"amount":4.342000000000000000,"price":214.270000000000000000,"direction":"buy","ts":1589905162928},{"id":10494398240587706949272,"trade-id":101931183495,"amount":4.342000000000000000,"price":214.270000000000000000,"direction":"buy","ts":1589905162928},{"id":10494398240587706949256,"trade-id":101931183494,"amount":4.342000000000000000,"price":214.270000000000000000,"direction":"buy","ts":1589905162928},{"id":10494398240587706949176,"trade-id":101931183493,"amount":4.342000000000000000,"price":214.270000000000000000,"direction":"buy","ts":1589905162928},{"id":10494398240587706949170,"trade-id":101931183492,"amount":4.342000000000000000,"price":214.270000000000000000,"direction":"buy","ts":1589905162928},{"id":10494398240587706949166,"trade-id":101931183491,"amount":4.342000000000000000,"price":214.270000000000000000,"direction":"buy","ts":1589905162928},{"id":10494398240587706949130,"trade-id":101931183490,"amount":4.342000000000000000,"price":214.270000000000000000,"direction":"buy","ts":1589905162928},{"id":10494398240587706949014,"trade-id":101931183489,"amount":4.342000000000000000,"price":214.270000000000000000,"direction":"buy","ts":1589905162928},{"id":10494398240587706948988,"trade-id":101931183488,"amount":4.342000000000000000,"price":214.270000000000000000,"direction":"buy","ts":1589905162928},{"id":10494398240587706948959,"trade-id":101931183487,"amount":4.342000000000000000,"price":214.270000000000000000,"direction":"buy","ts":1589905162928},{"id":10494398240587706948802,"trade-id":101931183486,"amount":4.342000000000000000,"price":214.270000000000000000,"direction":"buy","ts":1589905162928},{"id":10494398240587706948670,"trade-id":101931183485,"amount":3.035500000000000000,"price":214.270000000000000000,"direction":"buy","ts":1589905162928}]},{"id":104943982360,"ts":1589905162854,"data":[{"id":10494398236087706964570,"trade-id":101931183484,"amount":0.200000000000000000,"price":214.260000000000000000,"direction":"sell","ts":1589905162854}]},{"id":104943982355,"ts":1589905162847,"data":[{"id":10494398235587706948670,"trade-id":101931183483,"amount":1.306500000000000000,"price":214.270000000000000000,"direction":"buy","ts":1589905162847}]},{"id":104943982290,"ts":1589905162782,"data":[{"id":10494398229087706964449,"trade-id":101931183482,"amount":0.090100000000000000,"price":214.250000000000000000,"direction":"sell","ts":1589905162782}]},{"id":104943982230,"ts":1589905162725,"data":[{"id":10494398223087706963140,"trade-id":101931183481,"amount":1.749100000000000000,"price":214.260000000000000000,"direction":"buy","ts":1589905162725},{"id":10494398223087706949358,"trade-id":101931183480,"amount":0.443300000000000000,"price":214.260000000000000000,"direction":"buy","ts":1589905162725}]},{"id":104943982225,"ts":1589905162721,"data":[{"id":10494398222587706949358,"trade-id":101931183479,"amount":3.898700000000000000,"price":214.260000000000000000,"direction":"buy","ts":1589905162721},{"id":10494398222587706949328,"trade-id":101931183478,"amount":4.342000000000000000,"price":214.260000000000000000,"direction":"buy","ts":1589905162721},{"id":10494398222587706949317,"trade-id":101931183477,"amount":0.270800000000000000,"price":214.260000000000000000,"direction":"buy","ts":1589905162721}]},{"id":104943982222,"ts":1589905162718,"data":[{"id":10494398222287706949317,"trade-id":101931183476,"amount":4.071200000000000000,"price":214.260000000000000000,"direction":"buy","ts":1589905162718},{"id":10494398222287706949307,"trade-id":101931183475,"amount":4.342000000000000000,"price":214.260000000000000000,"direction":"buy","ts":1589905162718}]},{"id":104943982201,"ts":1589905162697,"data":[{"id":10494398220187706960713,"trade-id":101931183474,"amount":0.024600000000000000,"price":214.250000000000000000,"direction":"buy","ts":1589905162697}]},{"id":104943982019,"ts":1589905161848,"data":[{"id":10494398201987706962921,"trade-id":101931183473,"amount":0.084000000000000000,"price":214.240000000000000000,"direction":"sell","ts":1589905161848}]},{"id":104943981987,"ts":1589905161755,"data":[{"id":10494398198787706962570,"trade-id":101931183472,"amount":0.998000000000000000,"price":214.230000000000000000,"direction":"buy","ts":1589905161755},{"id":10494398198787706960624,"trade-id":101931183471,"amount":2.496200000000000000,"price":214.230000000000000000,"direction":"buy","ts":1589905161755}]},{"id":104943981978,"ts":1589905161626,"data":[{"id":10494398197887706960698,"trade-id":101931183470,"amount":0.019000000000000000,"price":214.220000000000000000,"direction":"sell","ts":1589905161626}]},{"id":104943981961,"ts":1589905161392,"data":[{"id":10494398196187706960698,"trade-id":101931183469,"amount":0.001000000000000000,"price":214.220000000000000000,"direction":"sell","ts":1589905161392}]},{"id":104943981789,"ts":1589905160380,"data":[{"id":10494398178987706960182,"trade-id":101931183468,"amount":1.180000000000000000,"price":214.230000000000000000,"direction":"sell","ts":1589905160380},{"id":10494398178987706950679,"trade-id":101931183467,"amount":1.742800000000000000,"price":214.230000000000000000,"direction":"sell","ts":1589905160380}]},{"id":104943981747,"ts":1589905160066,"data":[{"id":10494398174787706959653,"trade-id":101931183466,"amount":0.615100000000000000,"price":214.240000000000000000,"direction":"buy","ts":1589905160066}]},{"id":104943981741,"ts":1589905160001,"data":[{"id":10494398174187706950679,"trade-id":101931183465,"amount":0.133000000000000000,"price":214.230000000000000000,"direction":"sell","ts":1589905160001}]},{"id":104943981712,"ts":1589905159848,"data":[{"id":10494398171287706950679,"trade-id":101931183464,"amount":0.752900000000000000,"price":214.230000000000000000,"direction":"sell","ts":1589905159848}]},{"id":104943981711,"ts":1589905159845,"data":[{"id":10494398171187706950679,"trade-id":101931183463,"amount":0.113700000000000000,"price":214.230000000000000000,"direction":"sell","ts":1589905159845}]},{"id":104943981697,"ts":1589905159807,"data":[{"id":10494398169787706950679,"trade-id":101931183462,"amount":0.055900000000000000,"price":214.230000000000000000,"direction":"sell","ts":1589905159807}]},{"id":104943981687,"ts":1589905159773,"data":[{"id":10494398168787706950679,"trade-id":101931183461,"amount":0.057400000000000000,"price":214.230000000000000000,"direction":"sell","ts":1589905159773}]},{"id":104943981327,"ts":1589905156872,"data":[{"id":10494398132787706950679,"trade-id":101931183460,"amount":0.044300000000000000,"price":214.230000000000000000,"direction":"sell","ts":1589905156872}]},{"id":104943981021,"ts":1589905154237,"data":[{"id":10494398102187706949596,"trade-id":101931183459,"amount":0.500000000000000000,"price":214.250000000000000000,"direction":"buy","ts":1589905154237},{"id":10494398102187706949646,"trade-id":101931183458,"amount":0.500000000000000000,"price":214.240000000000000000,"direction":"buy","ts":1589905154237}]},{"id":104943981001,"ts":1589905154188,"data":[{"id":10494398100187706949548,"trade-id":101931183457,"amount":0.500000000000000000,"price":214.240000000000000000,"direction":"buy","ts":1589905154188}]},{"id":104943980991,"ts":1589905154170,"data":[{"id":10494398099187706947237,"trade-id":101931183456,"amount":1.640600000000000000,"price":214.210000000000000000,"direction":"sell","ts":1589905154170},{"id":10494398099187706949427,"trade-id":101931183455,"amount":0.031500000000000000,"price":214.230000000000000000,"direction":"sell","ts":1589905154170}]},{"id":104943980944,"ts":1589905154040,"data":[{"id":10494398094487706947339,"trade-id":101931183454,"amount":4.342000000000000000,"price":214.220000000000000000,"direction":"sell","ts":1589905154040}]},{"id":104943980942,"ts":1589905154033,"data":[{"id":10494398094287706947339,"trade-id":101931183453,"amount":4.342000000000000000,"price":214.220000000000000000,"direction":"sell","ts":1589905154033}]},{"id":104943980941,"ts":1589905154028,"data":[{"id":10494398094187706947339,"trade-id":101931183452,"amount":1.442000000000000000,"price":214.220000000000000000,"direction":"sell","ts":1589905154028},{"id":10494398094187706949114,"trade-id":101931183451,"amount":2.900000000000000000,"price":214.250000000000000000,"direction":"sell","ts":1589905154028}]},{"id":104943980911,"ts":1589905153940,"data":[{"id":10494398091187706947339,"trade-id":101931183450,"amount":4.342000000000000000,"price":214.220000000000000000,"direction":"sell","ts":1589905153940}]},{"id":104943980905,"ts":1589905153929,"data":[{"id":10494398090587706947339,"trade-id":101931183449,"amount":0.253300000000000000,"price":214.220000000000000000,"direction":"sell","ts":1589905153929},{"id":10494398090587706948828,"trade-id":101931183448,"amount":4.088700000000000000,"price":214.240000000000000000,"direction":"sell","ts":1589905153929}]},{"id":104943980901,"ts":1589905153918,"data":[{"id":10494398090187706948828,"trade-id":101931183447,"amount":0.982200000000000000,"price":214.240000000000000000,"direction":"sell","ts":1589905153918},{"id":10494398090187706947465,"trade-id":101931183446,"amount":2.000000000000000000,"price":214.240000000000000000,"direction":"sell","ts":1589905153918},{"id":10494398090187706948917,"trade-id":101931183445,"amount":1.359800000000000000,"price":214.260000000000000000,"direction":"sell","ts":1589905153918}]},{"id":104943980892,"ts":1589905153868,"data":[{"id":10494398089287706948917,"trade-id":101931183444,"amount":1.040200000000000000,"price":214.260000000000000000,"direction":"sell","ts":1589905153868}]},{"id":104943980891,"ts":1589905153866,"data":[{"id":10494398089187706948863,"trade-id":101931183443,"amount":0.500000000000000000,"price":214.260000000000000000,"direction":"buy","ts":1589905153866}]},{"id":104943980842,"ts":1589905153732,"data":[{"id":10494398084287706947832,"trade-id":101931183442,"amount":10.080000000000000000,"price":214.250000000000000000,"direction":"sell","ts":1589905153732}]},{"id":104943980837,"ts":1589905153704,"data":[{"id":10494398083787706948049,"trade-id":101931183441,"amount":1.493000000000000000,"price":214.270000000000000000,"direction":"sell","ts":1589905153704}]},{"id":104943980836,"ts":1589905153698,"data":[{"id":10494398083687706948049,"trade-id":101931183440,"amount":0.047100000000000000,"price":214.270000000000000000,"direction":"sell","ts":1589905153698}]},{"id":104943980830,"ts":1589905153673,"data":[{"id":10494398083016289841810199,"trade-id":101931183439,"amount":2.333395557214859060,"price":214.280000000000000000,"direction":"buy","ts":1589905153673}]},{"id":104943980686,"ts":1589905153228,"data":[{"id":10494398068616289799766789,"trade-id":101931183438,"amount":0.025000000000000000,"price":214.280000000000000000,"direction":"buy","ts":1589905153228}]},{"id":104943980524,"ts":1589905153000,"data":[{"id":10494398052487706522672,"trade-id":101931183437,"amount":33.782670649636058200,"price":214.320000000000000000,"direction":"buy","ts":1589905153000},{"id":10494398052487700025722,"trade-id":101931183436,"amount":0.134100000000000000,"price":214.320000000000000000,"direction":"buy","ts":1589905153000},{"id":10494398052487677285479,"trade-id":101931183435,"amount":0.781000000000000000,"price":214.320000000000000000,"direction":"buy","ts":1589905153000},{"id":10494398052416289799766584,"trade-id":101931183434,"amount":9.338400000000000000,"price":214.310000000000000000,"direction":"buy","ts":1589905153000},{"id":10494398052416289799766568,"trade-id":101931183433,"amount":4.669700000000000000,"price":214.310000000000000000,"direction":"buy","ts":1589905153000},{"id":10494398052487702851188,"trade-id":101931183432,"amount":20.459000000000000000,"price":214.310000000000000000,"direction":"buy","ts":1589905153000},{"id":10494398052487700021623,"trade-id":101931183431,"amount":0.132600000000000000,"price":214.310000000000000000,"direction":"buy","ts":1589905153000},{"id":10494398052487706944668,"trade-id":101931183430,"amount":4.535500000000000000,"price":214.300000000000000000,"direction":"buy","ts":1589905153000},{"id":10494398052487706892056,"trade-id":101931183429,"amount":39.311400000000000000,"price":214.300000000000000000,"direction":"buy","ts":1589905153000},{"id":10494398052487706831184,"trade-id":101931183428,"amount":0.070100000000000000,"price":214.300000000000000000,"direction":"buy","ts":1589905153000},{"id":10494398052487700020757,"trade-id":101931183427,"amount":0.160100000000000000,"price":214.300000000000000000,"direction":"buy","ts":1589905153000},{"id":10494398052487679682854,"trade-id":101931183426,"amount":0.220000000000000000,"price":214.300000000000000000,"direction":"buy","ts":1589905153000},{"id":10494398052416289791414176,"trade-id":101931183425,"amount":0.812400000000000000,"price":214.290000000000000000,"direction":"buy","ts":1589905153000},{"id":10494398052487706942753,"trade-id":101931183424,"amount":4.124700000000000000,"price":214.290000000000000000,"direction":"buy","ts":1589905153000},{"id":10494398052487700020062,"trade-id":101931183423,"amount":0.081200000000000000,"price":214.290000000000000000,"direction":"buy","ts":1589905153000},{"id":10494398052416289808224204,"trade-id":101931183422,"amount":4.669200000000000000,"price":214.280000000000000000,"direction":"buy","ts":1589905153000},{"id":10494398052487699911130,"trade-id":101931183421,"amount":3.281700000000000000,"price":214.280000000000000000,"direction":"buy","ts":1589905153000},{"id":10494398052487675084070,"trade-id":101931183420,"amount":6.368500000000000000,"price":214.280000000000000000,"direction":"buy","ts":1589905153000},{"id":10494398052487706946476,"trade-id":101931183419,"amount":50.000000000000000000,"price":214.270000000000000000,"direction":"buy","ts":1589905153000},{"id":10494398052487706944090,"trade-id":101931183418,"amount":0.328000000000000000,"price":214.270000000000000000,"direction":"buy","ts":1589905153000},{"id":10494398052416289715785727,"trade-id":101931183417,"amount":2.334600000000000000,"price":214.270000000000000000,"direction":"buy","ts":1589905153000},{"id":10494398052487706941083,"trade-id":101931183416,"amount":0.064600000000000000,"price":214.270000000000000000,"direction":"buy","ts":1589905153000},{"id":10494398052487706878825,"trade-id":101931183415,"amount":0.444100000000000000,"price":214.270000000000000000,"direction":"buy","ts":1589905153000},{"id":10494398052487675043725,"trade-id":101931183414,"amount":0.233300000000000000,"price":214.270000000000000000,"direction":"buy","ts":1589905153000},{"id":10494398052487706892178,"trade-id":101931183413,"amount":6.685300000000000000,"price":214.260000000000000000,"direction":"buy","ts":1589905153000},{"id":10494398052487699908050,"trade-id":101931183412,"amount":1.136300000000000000,"price":214.260000000000000000,"direction":"buy","ts":1589905153000},{"id":10494398052487677279360,"trade-id":101931183411,"amount":0.400000000000000000,"price":214.260000000000000000,"direction":"buy","ts":1589905153000},{"id":10494398052487675550537,"trade-id":101931183410,"amount":0.117000000000000000,"price":214.260000000000000000,"direction":"buy","ts":1589905153000},{"id":10494398052487706946426,"trade-id":101931183409,"amount":0.115100000000000000,"price":214.250000000000000000,"direction":"buy","ts":1589905153000},{"id":10494398052487706946368,"trade-id":101931183408,"amount":0.046700000000000000,"price":214.250000000000000000,"direction":"buy","ts":1589905153000},{"id":10494398052487706946150,"trade-id":101931183407,"amount":0.059500000000000000,"price":214.250000000000000000,"direction":"buy","ts":1589905153000},{"id":10494398052487699907560,"trade-id":101931183406,"amount":0.169600000000000000,"price":214.250000000000000000,"direction":"buy","ts":1589905153000},{"id":10494398052487675003426,"trade-id":101931183405,"amount":0.070200000000000000,"price":214.250000000000000000,"direction":"buy","ts":1589905153000},{"id":10494398052487706945172,"trade-id":101931183404,"amount":0.023500000000000000,"price":214.240000000000000000,"direction":"buy","ts":1589905153000},{"id":10494398052487699907353,"trade-id":101931183403,"amount":0.181800000000000000,"price":214.240000000000000000,"direction":"buy","ts":1589905153000},{"id":10494398052487673220007,"trade-id":101931183402,"amount":0.050000000000000000,"price":214.240000000000000000,"direction":"buy","ts":1589905153000},{"id":10494398052487675013518,"trade-id":101931183401,"amount":0.233000000000000000,"price":214.240000000000000000,"direction":"buy","ts":1589905153000},{"id":10494398052487706914871,"trade-id":101931183400,"amount":5.406300000000000000,"price":214.230000000000000000,"direction":"buy","ts":1589905153000},{"id":10494398052487699873790,"trade-id":101931183399,"amount":0.403900000000000000,"price":214.230000000000000000,"direction":"buy","ts":1589905153000},{"id":10494398052487677356385,"trade-id":101931183398,"amount":0.269700000000000000,"price":214.230000000000000000,"direction":"buy","ts":1589905153000},{"id":10494398052487706946877,"trade-id":101931183397,"amount":3.727000000000000000,"price":214.220000000000000000,"direction":"buy","ts":1589905153000},{"id":10494398052487706927118,"trade-id":101931183396,"amount":9.674100000000000000,"price":214.220000000000000000,"direction":"buy","ts":1589905153000},{"id":10494398052487675864925,"trade-id":101931183395,"amount":0.117000000000000000,"price":214.220000000000000000,"direction":"buy","ts":1589905153000},{"id":10494398052487706944811,"trade-id":101931183394,"amount":6.594700000000000000,"price":214.210000000000000000,"direction":"buy","ts":1589905153000},{"id":10494398052487706902959,"trade-id":101931183393,"amount":36.293976187059427670,"price":214.210000000000000000,"direction":"buy","ts":1589905153000}]},{"id":104943980438,"ts":1589905152251,"data":[{"id":10494398043887706943581,"trade-id":101931183392,"amount":1.696600000000000000,"price":214.200000000000000000,"direction":"sell","ts":1589905152251},{"id":10494398043887706943110,"trade-id":101931183391,"amount":1.180000000000000000,"price":214.200000000000000000,"direction":"sell","ts":1589905152251},{"id":10494398043887706942774,"trade-id":101931183390,"amount":0.500000000000000000,"price":214.200000000000000000,"direction":"sell","ts":1589905152251},{"id":10494398043887706942726,"trade-id":101931183389,"amount":0.500000000000000000,"price":214.200000000000000000,"direction":"sell","ts":1589905152251}]},{"id":104943980405,"ts":1589905151970,"data":[{"id":10494398040587706902959,"trade-id":101931183388,"amount":3.032023812940572330,"price":214.210000000000000000,"direction":"buy","ts":1589905151970}]},{"id":104943980161,"ts":1589905150701,"data":[{"id":10494398016187706942629,"trade-id":101931183387,"amount":0.077000000000000000,"price":214.200000000000000000,"direction":"sell","ts":1589905150701}]},{"id":104943979956,"ts":1589905150280,"data":[{"id":10494397995687706942570,"trade-id":101931183386,"amount":0.064600000000000000,"price":214.200000000000000000,"direction":"buy","ts":1589905150280}]},{"id":104943979948,"ts":1589905150266,"data":[{"id":10494397994887699699018,"trade-id":101931183385,"amount":0.613300000000000000,"price":214.210000000000000000,"direction":"buy","ts":1589905150266},{"id":10494397994887677310906,"trade-id":101931183384,"amount":0.186700000000000000,"price":214.210000000000000000,"direction":"buy","ts":1589905150266}]},{"id":104943979944,"ts":1589905150262,"data":[{"id":10494397994487677310906,"trade-id":101931183383,"amount":0.200000000000000000,"price":214.210000000000000000,"direction":"buy","ts":1589905150262}]},{"id":104943979937,"ts":1589905150257,"data":[{"id":10494397993787677310906,"trade-id":101931183382,"amount":0.165900000000000000,"price":214.210000000000000000,"direction":"buy","ts":1589905150257},{"id":10494397993787674995096,"trade-id":101931183381,"amount":0.070200000000000000,"price":214.210000000000000000,"direction":"buy","ts":1589905150257},{"id":10494397993787674927069,"trade-id":101931183380,"amount":0.163900000000000000,"price":214.210000000000000000,"direction":"buy","ts":1589905150257}]},{"id":104943979917,"ts":1589905150241,"data":[{"id":10494397991787674927069,"trade-id":101931183379,"amount":0.103800000000000000,"price":214.210000000000000000,"direction":"buy","ts":1589905150241},{"id":10494397991787706942363,"trade-id":101931183378,"amount":0.269700000000000000,"price":214.200000000000000000,"direction":"buy","ts":1589905150241}]},{"id":104943979895,"ts":1589905150225,"data":[{"id":10494397989587706941299,"trade-id":101931183377,"amount":0.034700000000000000,"price":214.200000000000000000,"direction":"buy","ts":1589905150225},{"id":10494397989587706905767,"trade-id":101931183376,"amount":2.933778325910364150,"price":214.200000000000000000,"direction":"buy","ts":1589905150225}]},{"id":104943979892,"ts":1589905150223,"data":[{"id":10494397989287706905767,"trade-id":101931183375,"amount":3.753521674089635850,"price":214.200000000000000000,"direction":"buy","ts":1589905150223},{"id":10494397989287705899884,"trade-id":101931183374,"amount":0.077078325910364150,"price":214.200000000000000000,"direction":"buy","ts":1589905150223},{"id":10494397989287706942268,"trade-id":101931183373,"amount":0.513500000000000000,"price":214.190000000000000000,"direction":"buy","ts":1589905150223},{"id":10494397989287706942266,"trade-id":101931183372,"amount":0.543200000000000000,"price":214.190000000000000000,"direction":"buy","ts":1589905150223},{"id":10494397989287706942252,"trade-id":101931183371,"amount":4.144800000000000000,"price":214.190000000000000000,"direction":"buy","ts":1589905150223}]},{"id":104943979854,"ts":1589905150183,"data":[{"id":10494397985487706942252,"trade-id":101931183370,"amount":0.499000000000000000,"price":214.190000000000000000,"direction":"buy","ts":1589905150183}]},{"id":104943979826,"ts":1589905150161,"data":[{"id":10494397982687706942252,"trade-id":101931183369,"amount":0.100000000000000000,"price":214.190000000000000000,"direction":"buy","ts":1589905150161}]},{"id":104943979813,"ts":1589905150155,"data":[{"id":10494397981387706941470,"trade-id":101931183368,"amount":0.268400000000000000,"price":214.190000000000000000,"direction":"buy","ts":1589905150155}]},{"id":104943979679,"ts":1589905150066,"data":[{"id":10494397967987706937664,"trade-id":101931183367,"amount":2.386500000000000000,"price":214.150000000000000000,"direction":"buy","ts":1589905150066},{"id":10494397967987706910420,"trade-id":101931183366,"amount":1.300500000000000000,"price":214.150000000000000000,"direction":"buy","ts":1589905150066}]},{"id":104943978680,"ts":1589905145688,"data":[{"id":10494397868087706932870,"trade-id":101931183365,"amount":0.266800000000000000,"price":214.140000000000000000,"direction":"sell","ts":1589905145688}]},{"id":104943978557,"ts":1589905145306,"data":[{"id":10494397855787706932870,"trade-id":101931183364,"amount":2.633200000000000000,"price":214.140000000000000000,"direction":"sell","ts":1589905145306}]},{"id":104943978485,"ts":1589905144823,"data":[{"id":10494397848587706931386,"trade-id":101931183363,"amount":0.751400000000000000,"price":214.130000000000000000,"direction":"sell","ts":1589905144823},{"id":10494397848587706931330,"trade-id":101931183362,"amount":1.180000000000000000,"price":214.140000000000000000,"direction":"sell","ts":1589905144823}]},{"id":104943978247,"ts":1589905143172,"data":[{"id":10494397824787706928934,"trade-id":101931183361,"amount":7.456500000000000000,"price":214.130000000000000000,"direction":"sell","ts":1589905143172},{"id":10494397824787706929395,"trade-id":101931183360,"amount":1.180000000000000000,"price":214.140000000000000000,"direction":"sell","ts":1589905143172}]},{"id":104943978109,"ts":1589905142571,"data":[{"id":10494397810987706914917,"trade-id":101931183359,"amount":0.447400000000000000,"price":214.130000000000000000,"direction":"buy","ts":1589905142571}]},{"id":104943977719,"ts":1589905141125,"data":[{"id":10494397771987706925756,"trade-id":101931183358,"amount":1.136300000000000000,"price":214.120000000000000000,"direction":"sell","ts":1589905141125}]},{"id":104943977635,"ts":1589905140846,"data":[{"id":10494397763587706925756,"trade-id":101931183357,"amount":0.661900000000000000,"price":214.120000000000000000,"direction":"sell","ts":1589905140846}]},{"id":104943977504,"ts":1589905140657,"data":[{"id":10494397750487706901273,"trade-id":101931183356,"amount":0.946200000000000000,"price":214.080000000000000000,"direction":"buy","ts":1589905140657}]},{"id":104943977295,"ts":1589905139631,"data":[{"id":10494397729587706918065,"trade-id":101931183355,"amount":0.790900000000000000,"price":214.060000000000000000,"direction":"sell","ts":1589905139631}]},{"id":104943976227,"ts":1589905134351,"data":[{"id":10494397622787706914505,"trade-id":101931183354,"amount":0.025800000000000000,"price":214.070000000000000000,"direction":"sell","ts":1589905134351}]},{"id":104943976015,"ts":1589905133868,"data":[{"id":10494397601587706914505,"trade-id":101931183353,"amount":0.113700000000000000,"price":214.070000000000000000,"direction":"sell","ts":1589905133868}]},{"id":104943975902,"ts":1589905133673,"data":[{"id":10494397590287706914361,"trade-id":101931183352,"amount":4.674200000000000000,"price":214.070000000000000000,"direction":"buy","ts":1589905133673},{"id":10494397590287706908995,"trade-id":101931183351,"amount":4.000000000000000000,"price":214.070000000000000000,"direction":"buy","ts":1589905133673}]},{"id":104943975768,"ts":1589905133304,"data":[{"id":10494397576887706862956,"trade-id":101931183350,"amount":0.157900000000000000,"price":214.020000000000000000,"direction":"sell","ts":1589905133304}]},{"id":104943975759,"ts":1589905133274,"data":[{"id":10494397575987706913114,"trade-id":101931183349,"amount":1.180000000000000000,"price":214.040000000000000000,"direction":"sell","ts":1589905133274}]}]}